<record xmlns="http://www.loc.gov/MARC21/slim" xmlns:xsi="http://www.w3.org/2001/XMLSchema-instance" xsi:schemaLocation="http://www.loc.gov/MARC21/slim http://www.loc.gov/standards/marcxml/schema/MARC21slim.xsd"><leader>01919nam a2200397   4500</leader><controlfield tag="001">002811929</controlfield><controlfield tag="003">NNU</controlfield><controlfield tag="006">m        d        </controlfield><controlfield tag="007">cr cn |||m|||a</controlfield><controlfield tag="008">150223s1984    ir      od    000 0 arar</controlfield><datafield ind1=" " ind2=" " tag="040"><subfield code="a">NNU</subfield><subfield code="b">eng</subfield><subfield code="e">rda</subfield><subfield code="c">NNU</subfield></datafield><datafield ind1="0" ind2="0" tag="050"><subfield code="a">BP133</subfield><subfield code="b">.M84 1984</subfield></datafield><datafield ind1="0" ind2="0" tag="245"><subfield code="6">880-01</subfield><subfield code="a">Mu&#699;jam alfa&#772;z&#803; al-Qur&#700;a&#772;n al-kari&#772;m /</subfield><subfield code="c">Majma&#699; al-Lughah al-&#699;Arabi&#772;yah.</subfield></datafield><datafield ind1=" " ind2=" " tag="250"><subfield code="6">880-02</subfield><subfield code="a">al-T&#803;ab&#699;ah 2.</subfield></datafield><datafield ind1=" " ind2=" " tag="260"><subfield code="6">880-03</subfield><subfield code="a">T&#803;ihra&#772;n, I&#772;ra&#772;n :</subfield><subfield code="b">Intisha&#772;ra&#772;t-i Na&#772;s&#803;ir Khusraw,</subfield><subfield code="c">1363 [1984 or 1985]</subfield></datafield><datafield ind1=" " ind2=" " tag="300"><subfield code="a">online resource (2 volumes)</subfield></datafield><datafield ind1=" " ind2=" " tag="336"><subfield code="a">text</subfield><subfield code="2">rdacontent</subfield></datafield><datafield ind1=" " ind2=" " tag="337"><subfield code="a">computer</subfield><subfield code="2">rdamedia</subfield></datafield><datafield ind1=" " ind2=" " tag="338"><subfield code="a">online resource</subfield><subfield code="2">rdacarrier</subfield></datafield><datafield ind1=" " ind2=" " tag="500"><subfield code="a">Part of the Arabic Collections Online (ACO) project, contributed by New York Univeristy Libraries.</subfield></datafield><datafield ind1="0" ind2=" " tag="505"><subfield code="a">al-mujallad 1. Min al-hamzah ila&#769; al-si&#772;n -- al-mujallad 2. Min al-shi&#772;n ila&#769; al-ya&#772;&#700;.</subfield></datafield><datafield ind1=" " ind2=" " tag="533"><subfield code="a">Electronic reproduction.</subfield><subfield code="b">New York, N.Y. :</subfield><subfield code="c">New York University,</subfield><subfield code="d">2015.</subfield><subfield code="5">NNU</subfield></datafield><datafield ind1="0" ind2="0" tag="630"><subfield code="a">Qur&#700;an</subfield><subfield code="x">Dictionaries.</subfield><subfield code="l">Arabic.</subfield></datafield><datafield ind1="0" ind2="7" tag="630"><subfield code="a">Qur&#700;an.</subfield><subfield code="2">fast</subfield><subfield code="0">(OCoLC)fst01842877</subfield></datafield><datafield ind1=" " ind2="7" tag="655"><subfield code="a">Dictionaries.</subfield><subfield code="2">fast</subfield><subfield code="0">(OCoLC)fst01423826</subfield></datafield><datafield ind1="2" ind2=" " tag="710"><subfield code="6">880-04</subfield><subfield code="a">Majma&#699; al-Lughah al-&#699;Arabi&#772;yah (Cairo, Egypt)</subfield></datafield><datafield ind1="2" ind2=" " tag="710"><subfield code="a">New York University.</subfield><subfield code="b">Libraries.</subfield></datafield><datafield ind1="0" ind2=" " tag="730"><subfield code="a">Arabic Collections Online.</subfield></datafield><datafield ind1="0" ind2="8" tag="776"><subfield code="i">Print version:</subfield><subfield code="t">Mu&#699;jam alfa&#772;z&#803; al-Qur&#700;a&#772;n al-kari&#772;m</subfield><subfield code="w">(NNU)002811929</subfield><subfield code="w">(DLC)   86930449</subfield></datafield><datafield ind1="4" ind2="0" tag="856"><subfield code="u">http://hdl.handle.net/2333.1/2547db3n</subfield></datafield><datafield ind1="0" ind2="0" tag="880"><subfield code="6">245-01/</subfield><subfield code="a">&#1605;&#1593;&#1580;&#1605; &#1571;&#1604;&#1601;&#1575;&#1592; &#1575;&#1604;&#1602;&#1585;&#1570;&#1606; &#1575;&#1604;&#1603;&#1585;&#1610;&#1605; /</subfield><subfield code="c">&#1605;&#1580;&#1605;&#1593; &#1575;&#1604;&#1604;&#1594;&#1577; &#1575;&#1604;&#1593;&#1585;&#1576;&#1610;&#1577;.</subfield></datafield><datafield ind1=" " ind2=" " tag="880"><subfield code="6">250-02/</subfield><subfield code="a">&#1575;&#1604;&#1591;&#1576;&#1593;&#1577; 2.</subfield></datafield><datafield ind1=" " ind2=" " tag="880"><subfield code="6">260-03/</subfield><subfield code="a">&#1591;&#1607;&#1585;&#1575;&#1606;&#1548; &#1573;&#1610;&#1585;&#1575;&#1606; :</subfield><subfield code="b">&#1575;&#1606;&#1578;&#1588;&#1575;&#1585;&#1575;&#1578; &#1606;&#1575;&#1589;&#1585; &#1582;&#1587;&#1585;&#1608;&#1548;</subfield><subfield code="c">1363 [1984 or 1985]</subfield></datafield><datafield ind1="2" ind2=" " tag="880"><subfield code="6">710-04/</subfield><subfield code="a">&#1605;&#1580;&#1605;&#1593; &#1575;&#1604;&#1604;&#1594;&#1577; &#1575;&#1604;&#1593;&#1585;&#1576;&#1610;&#1577; (&#1575;&#1604;&#1602;&#1575;&#1607;&#1585;&#1577;&#1548; &#1605;&#1589;&#1585;)</subfield></datafield><datafield ind1=" " ind2=" " tag="959"><subfield code="a">NNU</subfield><subfield code="b">WEB</subfield><subfield code="c">GENI</subfield><subfield code="t">0</subfield><subfield code="m">Electronic access</subfield><subfield code="s">01</subfield></datafield><datafield ind1=" " ind2=" " tag="999"><subfield code="i">NNU_002811929</subfield><subfield code="s">nyu_aco000169:v.1</subfield><subfield code="s">nyu_aco000170:v.2</subfield></datafield></record>